%% This BibTeX bibliography file was created using BibDesk.
%% http://bibdesk.sourceforge.net/


%% Created for Zachary Sussman at 2015-12-24 16:50:28 -0500 


%% Saved with string encoding Unicode (UTF-8) 



@webpage{penetration,
	Date-Added = {2015-12-24 21:48:58 +0000},
	Date-Modified = {2015-12-24 21:49:42 +0000},
	Lastchecked = {December 8, 2015},
	Month = {May},
	Url = {http://www.alpharubicon.com/basicnbc/RadiationPenetration.htm},
	Year = {2008}}

@webpage{wayne,
	Author = {Wayne Schmidt},
	Date-Added = {2015-12-24 21:47:21 +0000},
	Date-Modified = {2015-12-24 21:48:45 +0000},
	Lastchecked = {December 7, 2015},
	Month = {May},
	Url = {http://www.waynesthisandthat.com/cloud%20chamber.html },
	Year = {2015}}

@article{chamberdesign,
	Author = {Alexander Langsdorf},
	Date-Added = {2015-12-24 21:41:21 +0000},
	Date-Modified = {2015-12-24 21:44:03 +0000},
	Journal = {Review of Scientific Instruments},
	Pages = {91-103},
	Title = {A Continuously Sensitive Diffusion Cloud Chamber},
	Volume = {10},
	Year = {1939}}

@webpage{isopropanol,
	Booktitle = {PubChem Compound Database},
	Date-Added = {2015-12-24 21:37:40 +0000},
	Date-Modified = {2015-12-24 21:41:16 +0000},
	Publisher = {NCBI},
	Title = {Isopropanol},
	Url = {http://pubchem.ncbi.nlm.nih.gov/compound/isopropanol},
	Year = {2015}}

@article{1946,
	Author = {N.N. Das Gupta and S.K. Ghosh},
	Date-Added = {2015-12-24 21:34:28 +0000},
	Date-Modified = {2015-12-24 21:45:06 +0000},
	Journal = {Review of Modern Physics},
	Number = {2},
	Pages = {225-284},
	Rating = {4},
	Read = {0},
	Title = {A report on the Wilson cloud chamber and its applications in physics},
	Volume = {18},
	Year = {1946}}

@article{energies,
	Author = {Y. Chen and S. Ahmed},
	Date-Added = {2015-12-24 21:33:35 +0000},
	Date-Modified = {2015-12-24 21:46:59 +0000},
	Journal = {American Association of Physicists in Medicine},
	Title = {Normalized Bragg Peak Curves for Various Proton Energies in Water Phantom: A Simulation with GEANT4 Monte Carlo Code},
	Year = {2002}}

@article{symmetry,
	Author = {Sarah Charley},
	Date-Added = {2015-12-24 21:30:38 +0000},
	Date-Modified = {2015-12-24 21:33:22 +0000},
	Journal = {Symmetry Magazine},
	Title = {How to build your own particle detector},
	Year = {2015}}

@manual{workshop,
	Author = {D. Bertola and M. Cirilli and J. Flammer and G. Schlager and S. Schuh and P. Schune},
	Date-Added = {2015-12-24 21:29:50 +0000},
	Date-Modified = {2015-12-24 21:46:03 +0000},
	Month = {October},
	Organization = {CERN},
	Title = {Cloud Chamber Workshop},
	Year = {2004}}

@techreport{Intech,
	Author = {A. B. Aleksandrov and N. G. Polukhina and N. I. Starkov},
	Date-Added = {2015-12-24 21:28:02 +0000},
	Date-Modified = {2015-12-24 21:46:49 +0000},
	Institution = {Intech},
	Title = {Methods for Image Recognition of Charged Particle Tracks in Track Detector Data Automated Processing}}
