%% This BibTeX bibliography file was created using BibDesk.
%% http://bibdesk.sourceforge.net/


%% Created for Zachary Sussman at 2016-02-08 12:54:31 -0500 


%% Saved with string encoding Unicode (UTF-8) 



@article{classroom,
	Author = {John Timothy Perry and Mary Ann Sankey},
	Date-Added = {2016-02-08 17:52:51 +0000},
	Date-Modified = {2016-02-08 17:54:25 +0000},
	Journal = {Journal of Chemical Education},
	Month = {April},
	Number = {4},
	Pages = {339-343},
	Title = {Cloud Chamber Activities for the High School Classroom},
	Volume = {72},
	Year = {1995}}

@misc{join,
	Date-Added = {2015-12-25 00:31:43 +0000},
	Date-Modified = {2015-12-25 00:57:39 +0000},
	Howpublished = {\url{http://dsp.stackexchange.com/questions/2564/opencv-c-connect-nearby-contours-based-on-distance-between-them}},
	Keywords = {Stack Overflow},
	Month = {July},
	Year = {2014},
	Bdsk-Url-1 = {http://dsp.stackexchange.com/questions/2564/opencv-c-connect-nearby-contours-based-on-distance-between-them}}

@misc{hyperphysics,
	Date-Added = {2015-12-25 00:28:40 +0000},
	Date-Modified = {2015-12-25 00:57:48 +0000},
	Howpublished = {\url{http://hyperphysics.phy-astr.gsu.edu/hbase/particles/cloud.html}},
	Lastchecked = {December 24, 2015},
	Title = {The Cloud Chamber},
	Bdsk-Url-1 = {http://hyperphysics.phy-astr.gsu.edu/hbase/particles/cloud.html}}

@misc{nobelcloud,
	Date-Added = {2015-12-24 22:08:47 +0000},
	Date-Modified = {2015-12-25 01:06:37 +0000},
	Howpublished = {\url{http://www.nobelprize.org/nobel_prizes/physics/laureates/1927/index.html}},
	Lastchecked = {December 24, 2015},
	Title = {The {Nobel Prize in Physics} 1927},
	Url = {http://www.nobelprize.org/nobel_prizes/physics/laureates/1927/index.html},
	Year = {2015},
	Bdsk-Url-1 = {http://www.nobelprize.org/nobel_prizes/physics/laureates/1927/index.html}}

@misc{penetration,
	Date-Added = {2015-12-24 21:48:58 +0000},
	Date-Modified = {2015-12-25 00:55:00 +0000},
	Lastchecked = {December 8, 2015},
	Month = {May},
	Title = {Penetration of Different Types of Radiation},
	Url = {http://www.alpharubicon.com/basicnbc/RadiationPenetration.htm},
	Year = {2008},
	Bdsk-Url-1 = {http://www.alpharubicon.com/basicnbc/RadiationPenetration.htm}}

@misc{wayne,
	Author = {Wayne Schmidt},
	Date-Added = {2015-12-24 21:47:21 +0000},
	Date-Modified = {2015-12-25 00:58:18 +0000},
	Howpublished = {\url{http://www.waynesthisandthat.com/cloud%20chamber.html}},
	Lastchecked = {December 7, 2015},
	Month = {May},
	Title = {Cloud Chambers},
	Url = {http://www.waynesthisandthat.com/cloud%20chamber.html},
	Year = {2015},
	Bdsk-Url-1 = {http://www.waynesthisandthat.com/cloud%20chamber.html}}

@article{chamberdesign,
	Author = {Alexander Langsdorf},
	Date-Added = {2015-12-24 21:41:21 +0000},
	Date-Modified = {2015-12-24 21:44:03 +0000},
	Journal = {Review of Scientific Instruments},
	Pages = {91-103},
	Title = {A Continuously Sensitive Diffusion Cloud Chamber},
	Volume = {10},
	Year = {1939}}

@misc{isopropanol,
	Booktitle = {PubChem Compound Database},
	Date-Added = {2015-12-24 21:37:40 +0000},
	Date-Modified = {2015-12-25 00:58:28 +0000},
	Howpublished = {\url{http://pubchem.ncbi.nlm.nih.gov/compound/isopropanol}},
	Publisher = {NCBI},
	Title = {Isopropanol},
	Url = {http://pubchem.ncbi.nlm.nih.gov/compound/isopropanol},
	Year = {2015},
	Bdsk-Url-1 = {http://pubchem.ncbi.nlm.nih.gov/compound/isopropanol}}

@article{1946,
	Author = {N.N. Das Gupta and S.K. Ghosh},
	Date-Added = {2015-12-24 21:34:28 +0000},
	Date-Modified = {2015-12-25 01:06:14 +0000},
	Journal = {Review of Modern Physics},
	Number = {2},
	Pages = {225-284},
	Rating = {4},
	Read = {0},
	Title = {A report on the {Wilson} cloud chamber and its applications in physics},
	Volume = {18},
	Year = {1946}}

@article{energies,
	Author = {Y. Chen and S. Ahmed},
	Date-Added = {2015-12-24 21:33:35 +0000},
	Date-Modified = {2015-12-25 01:07:11 +0000},
	Journal = {American Association of Physicists in Medicine},
	Title = {Normalized {Bragg} Peak Curves for Various Proton Energies in Water Phantom: A Simulation with {GEANT4} Monte Carlo Code},
	Year = {2002}}

@article{symmetry,
	Author = {Sarah Charley},
	Date-Added = {2015-12-24 21:30:38 +0000},
	Date-Modified = {2015-12-24 21:33:22 +0000},
	Journal = {Symmetry Magazine},
	Title = {How to build your own particle detector},
	Year = {2015}}

@manual{workshop,
	Author = {D. Bertola and M. Cirilli and J. Flammer and G. Schlager and S. Schuh and P. Schune},
	Date-Added = {2015-12-24 21:29:50 +0000},
	Date-Modified = {2015-12-24 21:46:03 +0000},
	Month = {October},
	Organization = {CERN},
	Title = {Cloud Chamber Workshop},
	Year = {2004}}

@techreport{Intech,
	Author = {A. B. Aleksandrov and N. G. Polukhina and N. I. Starkov},
	Date-Added = {2015-12-24 21:28:02 +0000},
	Date-Modified = {2015-12-24 21:46:49 +0000},
	Institution = {Intech},
	Title = {Methods for Image Recognition of Charged Particle Tracks in Track Detector Data Automated Processing}}
